% Encoding: windows-1250

@book{ZakladyHDR,
  author = {Michael Freeman},
  title = {Fotografie a vysoký dynamický rozsah - základy HDR},
  publisher = {Zoner Press},
  year = {2008},
  isbn = {978-80-86815-95-4},
}

@book{AHDR,
  author = {Banterle, Francesco and Artusi, Alessandro and Debattista, Kurt and Chalmers, Alan},
  title = {Advanced High Dynamic Range Imaging: Theory and Practice},
  year = {2011},
  isbn = {9781568817194},
  edition = {1st},
  publisher = {A. K. Peters, Ltd.},
  address = {Natick, MA, USA},
}

@book{HDRI,
  author = {Reinhard, Erik and Ward, Greg and Pattanaik, Sumanta and Debevec, Paul},
  title = {High Dynamic Range Imaging: Acquisition, Display, and Image-Based Lighting},
  year = {2010},
  isbn = {9780123749147},
  edition = {2nd},
  publisher = {Morgan Kaufmann Publishers Inc.},
}

@misc{Align,
  author = {Greg Ward},
  title = {Fast, Robust Image Registration for Compositing High Dynamic Range Photographs from Handheld Exposures},
  url = {http://www.anyhere.com/gward/papers/jgtpap2.pdf},
  year = {2003}
}

@misc{Debevec,
  author = {Debevec, Paul and Malik, Jitendra},
  title = {Recovering High Dynamic Range Radiance Maps from Photographs},
  url = {http://www.pauldebevec.com/Research/HDR/debevec-siggraph97.pdf},
  year = {1997}
}

@misc{DCmerania,
  author = {Dietmar Wüller and Helke Gabele},
  title = {The usage of digital cameras as luminance meters},
  URL = {https://www.image-engineering.de/content/library/conference_papers/before_2009/luminance_meters.pdf},
  year = {2007}
}

@misc{Mantiuk,
  author = {Mantiuk, K., Rafał and Myszkowski, Karol and Seidel, Hans-Peter},
  title = {High Dynamic Range Imaging},
  url = {https://www.cl.cam.ac.uk/~rkm38/pdfs/mantiuk15hdri.pdf},
  year = {2016}
}

@misc{Android,
  author = {{Google and Open Handset Alliance n.d.}},
  title = {Android API Guide},
  url = {http://developer.android.com/guide/index.html},
  note = {Accessed May 19, 2015.}
}

@misc{OpenCV,
  author = {Itseez},
  title = {The OpenCV Reference Manual},
  edition = {2.4.9.0},
  month = {April},
  year = {2014},
  url = {http://opencv.org}
}

@article{TMODurand,
 author = {Durand, Fr{\'e}do and Dorsey, Julie},
 title = {Fast Bilateral Filtering for the Display of High-dynamic-range Images},
 month = jul,
 year = {2002},
 issn = {0730-0301},
 url = {http://people.csail.mit.edu/fredo/PUBLI/Siggraph2002/DurandBilateral.pdf},
 publisher = {ACM},
 address = {New York, NY, USA},
}

@article{TMOReinhard,
 author = {Reinhard, Erik and Stark, Michael and Shirley, Peter and Ferwerda, James},
 title = {Photographic Tone Reproduction for Digital Images},
 month = jul,
 year = {2002},
 issn = {0730-0301},
 url = {http://www.cmap.polytechnique.fr/~peyre/cours/x2005signal/hdr_photographic.pdf},
 publisher = {ACM},
 address = {New York, NY, USA},
}

@article{TMODrago,
author = {F. Drago and K. Myszkowski and T. Annen and N. Chiba},
title = {Adaptive Logarithmic Mapping For Displaying High Contrast Scenes},
url = {http://resources.mpi-inf.mpg.de/tmo/logmap/logmap.pdf},
}

@article{TMOMantiuk,
 author = {Mantiuk, Rafal and Myszkowski, Karol and Seidel, Hans-Peter},
 title = {A Perceptual Framework for Contrast Processing of High Dynamic Range Images},
 month = jul,
 year = {2006},
 issn = {1544-3558},
 url = {http://people.mpi-inf.mpg.de/~mantiuk/papers/mantiuk05PercFwk.pdf},
 publisher = {ACM},
 address = {New York, NY, USA},
}

@Comment{jabref-meta: databaseType:biblatex;}
